<record><leader>00000cas a22000007a 4500</leader><controlfield tag="001">17692165</controlfield><controlfield tag="008">880329d191519uumsuwr ne      0    0eng d</controlfield><datafield ind1=" " ind2=" " tag="010"><subfield code="a">sn 88067081 </subfield></datafield><datafield ind1=" " ind2=" " tag="040"><subfield code="a">MSJ</subfield><subfield code="b">eng</subfield><subfield code="c">MSJ</subfield><subfield code="d">OCL</subfield><subfield code="d">OCLCQ</subfield></datafield><datafield ind1=" " ind2=" " tag="042"><subfield code="a">msc</subfield></datafield><datafield ind1="0" ind2="4" tag="245"><subfield code="a">The Webster County times.</subfield></datafield><datafield ind1=" " ind2=" " tag="260"><subfield code="a">Eupora, Miss. :</subfield><subfield code="b">Eupora Pub. Co.,</subfield><subfield code="c">1915-</subfield></datafield><datafield ind1=" " ind2=" " tag="310"><subfield code="a">Weekly</subfield></datafield><datafield ind1="0" ind2=" " tag="362"><subfield code="a">Vol. 1, no. 1 (Oct. 14, 1915)-</subfield></datafield><datafield ind1=" " ind2=" " tag="752"><subfield code="a">United States</subfield><subfield code="b">Mississippi</subfield><subfield code="c">Webster</subfield><subfield code="d">Eupora.</subfield></datafield></record>